@article{rao2016data,
  title={Data augmentation for models based on rejection sampling},
  author={Rao, Vinayak and Lin, Lizhen and Dunson, David B},
  journal={Biometrika},
  volume={103},
  number={2},
  pages={319--335},
  year={2016},
  publisher={Biometrika Trust}
}

@article{byrne2013geodesic,
  title={Geodesic Monte Carlo on embedded manifolds},
  author={Byrne, Simon and Girolami, Mark},
  journal={Scandinavian Journal of Statistics},
  volume={40},
  number={4},
  pages={825--845},
  year={2013},
  publisher={Wiley Online Library}
}

@article{girolami2011riemann,
  title={Riemann manifold langevin and hamiltonian monte carlo methods},
  author={Girolami, Mark and Calderhead, Ben},
  journal={Journal of the Royal Statistical Society: Series B (Statistical Methodology)},
  volume={73},
  number={2},
  pages={123--214},
  year={2011},
  publisher={Wiley Online Library}
}

@book{boyd2004convex,
  title={Convex optimization},
  author={Boyd, Stephen and Vandenberghe, Lieven},
  year={2004},
  publisher={Cambridge university press}
}

@article{lin2014monogp,
  title={Bayesian monotone regression using Gaussian process projection},
  author={Lin, Lizhen and Dunson, David B},
  journal={Biometrika},
  year={2014}
}

@article{uschmajew2010well,
  title={Well-posedness of convex maximization problems on Stiefel manifolds and orthogonal tensor product approximations},
  author={Uschmajew, Andr{\'e}},
  journal={Numerische Mathematik},
  volume={115},
  number={2},
  pages={309--331},
  year={2010},
  publisher={Springer}
}

@article{geweke1986exact,
  title={Exact inference in the inequality constrained normal linear regression model},
  author={Geweke, John},
  journal={Journal of Applied Econometrics},
  volume={1},
  number={2},
  pages={127--141},
  year={1986},
  publisher={Wiley Online Library}
}

@article{kelly1990monotone,
  title={Monotone smoothing with application to dose-response curves and the assessment of synergism},
  author={Kelly, Colleen and Rice, John},
  journal={Biometrics},
  pages={1071--1085},
  year={1990},
  publisher={JSTOR}
}

@article{murray2012mcmc,
  title={MCMC for doubly-intractable distributions},
  author={Murray, Iain and Ghahramani, Zoubin and MacKay, David},
  journal={arXiv preprint arXiv:1206.6848},
  year={2012}
}

@article{gelfand1992bayesian,
  title={Bayesian analysis of constrained parameter and truncated data problems using Gibbs sampling},
  author={Gelfand, Alan E and Smith, Adrian FM and Lee, Tai-Ming},
  journal={Journal of the American Statistical Association},
  volume={87},
  number={418},
  pages={523--532},
  year={1992},
  publisher={Taylor \& Francis Group}
}

@article{danaher2012minkowski,
  title={Minkowski--Weyl priors for models with parameter constraints: an analysis of the BioCycle study},
  author={Danaher, Michelle R and Roy, Anindya and Chen, Zhen and Mumford, Sunni L and Schisterman, Enrique F},
  journal={Journal of the American Statistical Association},
  volume={107},
  number={500},
  pages={1395--1409},
  year={2012},
  publisher={Taylor \& Francis}
}

@article{hoff2016equivariant,
  title={Equivariant and scale-free Tucker decomposition models},
  author={Hoff, Peter D and others},
  journal={Bayesian Analysis},
  volume={11},
  number={3},
  pages={627--648},
  year={2016},
  publisher={International Society for Bayesian Analysis}
}

@article{diebolt1994estimation,
  title={Estimation of finite mixture distributions through Bayesian sampling},
  author={Diebolt, Jean and Robert, Christian P},
  journal={Journal of the Royal Statistical Society. Series B (Methodological)},
  pages={363--375},
  year={1994},
  publisher={JSTOR}
}

@article{lin2016bayesstiefel,
  title={Bayesian nonparametric inference on the Stiefel manifold},
  author={Lin, Lizhen and Rao, Vinayak and Dunson, David B},
  journal={Statistica Sinica},
  year={2016}
}

@article{khatri1977mises,
  title={The von Mises-Fisher matrix distribution in orientation statistics},
  author={Khatri, CG and Mardia, KV},
  journal={Journal of the Royal Statistical Society. Series B (Methodological)},
  pages={95--106},
  year={1977},
  publisher={JSTOR}
}